<?xml version="1.0" encoding="UTF-8"?><collection xmlns="http://www.loc.gov/MARC21/slim"><record><leader>00453nam--2200169-i-4500</leader><controlfield tag="001">000015005</controlfield><controlfield tag="002">20161230</controlfield><controlfield tag="005">20161230201031</controlfield><controlfield tag="008">060222s1000------------r-----000-0-eng-d</controlfield><datafield ind1=" " ind2=" " tag="040"><subfield code="a">IFIN-HH</subfield></datafield><datafield ind1=" " ind2=" " tag="080"><subfield code="a">801.323.2=30=590</subfield></datafield><datafield ind1="1" ind2=" " tag="100"><subfield code="a">Isbasescu, Mihai</subfield></datafield><datafield ind1="1" ind2="0" tag="245"><subfield code="a">Dictionar german-roman</subfield><subfield code="c">Mihai isbasescu (redactor responsabil)</subfield></datafield><datafield ind1=" " ind2=" " tag="260"><subfield code="a">Bucuresti</subfield><subfield code="b">Editura Tehnica</subfield><subfield code="c">1958</subfield></datafield><datafield ind1=" " ind2=" " tag="300"><subfield code="a">1186P</subfield></datafield><datafield ind1=" " ind2=" " tag="852"><subfield code="a">D.99</subfield><subfield code="c">SLF</subfield></datafield><datafield ind1=" " ind2=" " tag="CAT"><subfield code="a">Sys</subfield><subfield code="c">20130214</subfield><subfield code="h">115126</subfield></datafield></record></collection>